@article{Cheli2021,
  doi = {10.21105/joss.03078},
  url = {https://doi.org/10.21105/joss.03078},
  year = {2021},
  publisher = {The Open Journal},
  volume = {6},
  number = {59},
  pages = {3078},
  author = {Alessandro Cheli},
  title = {Metatheory.jl: Fast and Elegant Algebraic Computation in {J}ulia with Extensible Equality Saturation},
  journal = {Journal of Open Source Software}
}

@article{egg,
author = {Willsey, Max and Nandi, Chandrakana and Wang, Yisu Remy and Flatt, Oliver and Tatlock, Zachary and Panchekha, Pavel},
title = {Egg: Fast and Extensible Equality Saturation},
year = {2021},
issue_date = {January 2021},
publisher = {Association for Computing Machinery},
address = {New York, NY, USA},
volume = {5},
number = {POPL},
url = {https://doi.org/10.1145/3434304},
doi = {10.1145/3434304},
journal = {Proc. ACM Program. Lang.},
month = jan,
articleno = {23},
numpages = {29},
keywords = {e-graphs, equality saturation}
}

@article{bezanson2017julia,
  title={Julia: A fresh approach to numerical computing},
  author={Bezanson, Jeff and Edelman, Alan and Karpinski, Stefan and Shah, Viral B},
  journal={SIAM review},
  volume={59},
  number={1},
  pages={65--98},
  year={2017},
  publisher={SIAM}
}

@inproceedings{dershowitz1993taste,
  title={A taste of rewrite systems},
  author={Dershowitz, Nachum},
  booktitle={Functional Programming, Concurrency, Simulation and Automated Reasoning},
  pages={199--228},
  year={1993},
  organization={Springer}
}

@misc{yang2021equality,
      title={Equality Saturation for Tensor Graph Superoptimization}, 
      author={Yichen Yang and Phitchaya Mangpo Phothilimtha and Yisu Remy Wang and Max Willsey and Sudip Roy and Jacques Pienaar},
      year={2021},
      eprint={2101.01332},
      archivePrefix={arXiv},
      primaryClass={cs.AI}
}

@inproceedings{de2008z3,
  title={Z3: An efficient SMT solver},
  author={De Moura, Leonardo and Bj{\o}rner, Nikolaj},
  booktitle={International conference on Tools and Algorithms for the Construction and Analysis of Systems},
  pages={337--340},
  year={2008},
  organization={Springer}
}

@article{gowda2021high,
  title={High-performance symbolic-numerics via multiple dispatch},
  author={Gowda, Shashi and Ma, Yingbo and Cheli, Alessandro and Gwozdz, Maja and Shah, Viral B and Edelman, Alan and Rackauckas, Christopher},
  journal={arXiv preprint arXiv:2105.03949},
  year={2021}
}
